
@Comment Arquivo de Referencias Bibliograficas


@Misc{web-of-science-2016,
title = {Web of Science},
subtitle = {1 Billion Cited References and Counting},
year = {2016},
author = {Christopher King},
url = {http://stateofinnovation.thomsonreuters.com/web-of-science-1-billion-cited-references-and-counting},
urlaccessdate={10 nov. 2016},
}

